@book{bib:cotelnikov,
    author = {И.Котельников and П.Чеботаев},
    title = {\LaTeX\ по-русски},
    publisher = {Сибирский хронограф},
    address = {Новосибирск},
    numpages = {496},
    language={russian},
    year = {2009}
}
@book{bib:baldin,
    author = {Е.М.Балдин},
    title = {Компьютерная типография \LaTeX},
    publisher = {БХВ-Петербург},
    address = {СПб.},
    numpages = {304},
    language={russian},
    year = {2008}
}
@book{bib:knuth:AllAbout,
    author = {Д.Э.Кнут},
    title = {Все про \TeX},
    publisher = {Вильямс},
    address = {М.},
    numpages = {560},
    language={russian},
    year = {2003}
}
@book{bib:knuth:artOfProgramming1,
    author = {Д.Э.Кнут},
    title = {Искусство программирования, основные алгоритмы},
    publisher = {Вильямс},
    address = {М.},
    numpages = {720},
    language={russian},
    volume={1},
    edition={3},
    year = {2010}
}
@book{bib:knuth:artOfProgramming2,
    author = {Д.Э.Кнут},
    title = {Искусство программирования, получисленные алгоритмы},
    publisher = {Вильямс},
    address = {М.},
    numpages = {832},
    language={russian},
    volume={2},
    edition={3},
    year = {2005}
}
@book{bib:knuth:artOfProgramming3,
    author = {Д.Э.Кнут},
    title = {Искусство программирования, сортировка и поиск},
    publisher = {Вильямс},
    address = {М.},
    numpages = {832},
    language={russian},
    volume={3},
    edition={3},
    year = {2009}
}
@book{bib:sudoplatov:discrmath,
    author = {С.В.Судоплатов and Е.В.Овчинникова},
    title = {Дискретная математика: Учебник},
    publisher = {ИНФРА-М;Новосибирск;Изд-во НГТУ},
    address = {М.},
    numpages = {256},
    language={russian},
    year = {2005}
}
@book{bib:haggard:discrmathprogrammer,
    author = {Г.Хаггард and Дж.Шлипф and С.Уайтсайдс},
    title = {Дискретная математика для программистов: учебное пособие},
    publisher = {Бином. Лаборатория знаний},
    address = {М.},
    numpages = {627},
    language={russian},
    year = {2010}
}
@book{bib:novic:discrmathprogrammer,
    author = {Ф.А.Новиков},
    title = {Дискретная математика для программистов},
    publisher = {Питер},
    address = {СПб.},
    numpages = {304},
    language={russian},
    year = {2000}
}
@book{bib:gorbatovs:discrmath,
    author = {В.А.Горбатов and А.В.Горбатов and М.В.Горбатова},
    title = {Дискретная математика: учебник для студентов ВТУЗов},
    publisher = {ООО <<Издательство АСТ>> and ООО <<Издательство Астрель>>},
    address = {М.},
    numpages = {447},
    language={russian},
    year = {2003}
}
@book{bib:gorbatov:fodm,
    author = {В.А.Горбатов},
    title = {Фундаментальные основы дискретной математики},
    publisher = {Физматлит},
    address = {М.},
    numpages = {544},
    language={russian},
    year = {1999}
}
@book{bib:yablonsky:discreteintro,
    author = {С.В.Яблонский},
    title = {Введение в дискретную математику: учебное пособие для вузов},
    editor={В.А.Садовничего},
    publisher = {Высшая школа},
    address = {М.},
    numpages = {384},
    language={russian},
    year = {2001}
}
@book{bib:shaporev:discretemath,
    author = {С.Д.Шапорев},
    title = {Дискретная математика. Курс лекций и практических занятий},
    publisher = {БХВ-Петербург},
    address = {СПб.},
    numpages = {400},
    language={russian},
    year = {2006}
}
@book{bib:serebryakov:programminglang,
    author = {В.А.Серебряков and М.П.Галочкин and Д.Р.Гончар and М.Г.Фуругян},
    title = {Теория и реализация языков программирования:Учебное пособие},
    publisher = {МЗ-Пресс},
    address = {М.},
    numpages = {345},
    language={russian},
    year = {2003}
}
@book{bib:lvovsky,
    author = {С.М.Львовский},
    title = {Набор и верстка в системе \LaTeX{}},
    publisher = {МЦНМО},
    address = {М.},
    numpages = {448},
    language={russian},
    year = {2006}
}
@book{bib:krenke:db,
    author = {Д.Кренке},
    title = {Теория и практика построения баз данных},
    publisher = {Питер},
    address = {СПб.},
    numpages = {800},
    edition = {8},
    language={russian},
    year = {2003}
}
@book{bib:osovsky:neyro,
    author = {С.Осовский},
    title = {Нейроные сети для обработки информации},
    publisher = {Финансы и статистика},
    address = {М.},
    numpages = {344},
    language={russian},
    year = {2002}
}
@book{bib:knuth:concretemath,
    author = {Р.Грэхем and Д.Кнут and О.Паташник},
    title = {Конкретная математика. Основание информатики},
    publisher = {Мир},
    address = {М.},
    numpages = {703},
    language={russian},
    year = {1998}
}
@book{bib:panin:informationTheory,
    author = {В.В.Панин},
    title = {Основы теории информации: учебное пособие для вузов},
    publisher = {БИНОМ},
    address = {М.},
    numpages = {438},
    edition = {3},
    language={russian},
    year = {2009}
}
@book{bib:verner:codingBase,
    author = {М.Вернер},
    title = {Основы кодирования: учебник для ВУЗов},
    publisher = {Техносфера},
    address = {М.},
    numpages = {288},
    language={russian},
    year = {2004}
}
@book{bib:salmon:compressing,
    author = {Д.Сэлмон},
    title = {Сжатие данных, изображений и звука},
    publisher = {Техносфера},
    address = {М.},
    numpages = {368},
    language={russian},
    year = {2004}
}
@book{bib:miller:secParAlghorithm,
    author = {Р.Миллер and Л.Боксер},
    title = {Последовательные и параллельные алгоритмы},
    publisher = {Бином. Лаборатория знаний},
    address = {М.},
    numpages = {406},
    language={russian},
    year = {2006}
}
@book{bib:hopkroft:automateIntro,
    author = {Д.Хопкрофт and Р.Мотвани and Д.Ульман},
    title = {Введение в теорию автоматов, языков и вычислений},
    publisher = {Издательский дом <<Вильямс>>},
    address = {М.},
    numpages = {528},
    language={russian},
    year = {2008}
}
@book{bib:wirth:alghorithms,
    author = {Н.Вирт},
    title = {Алгоритмы и структуры данных},
    publisher = {Невский диалект},
    address = {СПб.},
    numpages = {352},
    language={russian},
    year = {2001}
}
@book{bib:kernigan:practice,
    author = {Б.Керниган and Р.Пайк},
    title = {Практика программирования},
    publisher = {Невский диалект},
    address = {СПб.},
    numpages = {381},
    language={russian},
    year = {2001}
}
@book{bib:mcconnel:alghorithmAnalysis,
    author = {Дж.Макконнелл},
    title = {Анализ алгоритмов. Активный обучающий подход},
    publisher = {Техносфера},
    address = {М.},
    numpages = {416},
    language={russian},
    year = {2009}
}
@book{bib:ore:graphs,
    author = {О.Оре},
    title = {Графы и их применение},
    publisher = {КомКнига},
    address = {М.},
    numpages = {168},
    language={russian},
    year = {2006}
}
@book{bib:abelson:structAndInterpretProgs,
    author = {Х.Абельсон and Дж.Сассман and Джул.Сассмае},
    title = {Структура и интерпретация компьютерных программ},
    publisher = {Добросвет and КДУ},
    address = {М.},
    numpages = {608},
    language={russian},
    edition={2},
    year = {2012}
}
@book{bib:kormen:algIntro,
    author = {Т.Кормен and Ч.Лейзерсон and Р.Ривест and К.Штайн},
    title = {Алгоритмы: построение и анализ},
    publisher = {Издательский дом <<Вильямс>>},
    address = {М.},
    numpages = {1296},
    language={russian},
    edition={2},
    year = {2012}
}
@book{bib:skiena:algDevUG,
    author = {С.Скиена},
    title = {Алгоритмы. Руководство по разработке},
    publisher = {БХВ-Петербург},
    address = {СПб.},
    numpages = {720},
    language={russian},
    edition={2},
    year = {2011}
}
@book{bib:warren:algTriks,
    author = {Генри Уоррен-мл},
    title = {Алгоритмические трюки для программистов},
    publisher = {Издательский дом <<Вильямс>>},
    address = {М.},
    numpages = {512},
    language={russian},
    edition={2},
    year = {2014}
}
